<?xml version="1.0" encoding="UTF-8"?><collection xmlns="http://www.loc.gov/MARC21/slim"><record><leader>00539nam--2200181-u-4500</leader><controlfield tag="001">000052161</controlfield><controlfield tag="002">20161230</controlfield><controlfield tag="005">20161230201049</controlfield><controlfield tag="008">091028s1000------------r-----000-0-eng-d</controlfield><datafield ind1=" " ind2=" " tag="040"><subfield code="a">IFIN-HH</subfield></datafield><datafield ind1=" " ind2=" " tag="080"><subfield code="a">537.222.22</subfield></datafield><datafield ind1="1" ind2=" " tag="100"><subfield code="a">Basov,N.G. (s.a.)</subfield></datafield><datafield ind1="1" ind2=" " tag="245"><subfield code="a">Rekombinatsionnye Protsessy v Poluprovodnikakh pri Vysokikh Urovnyak Vozoubzhdeniya</subfield></datafield><datafield ind1=" " ind2=" " tag="260"><subfield code="a">Moskva</subfield><subfield code="b">Nauka</subfield><subfield code="c">1980</subfield></datafield><datafield ind1=" " ind2=" " tag="490"><subfield code="a">Trudy Ordena Lenina Fizicheskogo Instituta im.P.N.Lebedeva</subfield><subfield code="v">Tom 129</subfield></datafield><datafield ind1="1" ind2=" " tag="700"><subfield code="a">N.G.Basov</subfield></datafield><datafield ind1=" " ind2=" " tag="852"><subfield code="a">6456</subfield></datafield><datafield ind1=" " ind2=" " tag="CAT"><subfield code="a">Sys</subfield><subfield code="c">20091028</subfield><subfield code="h">102723</subfield></datafield></record></collection>